% This file was created with JabRef 2.10.
% Encoding: UTF8


@Article{SmithDoe2017,
  Title                    = {A Very Interesting Article},
  Author                   = {John Smith and Jane Doe},
  Journal                  = {Journal of Interesting Topics},
  Year                     = {2017},
  Number                   = {1},
  Pages                    = {10-15},
  Volume                   = {5}
}

@Book{origami6,
  Title                    = {Origami 6},
  Editor                   = {Koryo Miura and Toshikazu Kawasaki and Tomohiro Tachi and Ryuhei Uehara and Robert J. Lang and Patsy Wang-Iverson},
  Publisher                = {American Mathematical Society},
  Year                     = {2015},
  Volume                   = {I: Mathematics}
}

@Book{origami5,
  Title                    = {Origami 5: Fifth International Meeting of Origami Science, Mathematics, and Education},
  Editor                   = {Patsy Wang-Iverson and Robert J. Lang and Mark YIM},
  Publisher                = {A K Peters/CRC Press},
  Year                     = {2011},

  Doi                      = {10.1201/b10971}
}

