@InProceedings{Origamizer_SoCG2017,
  AUTHOR        = {Erik D. Demaine and Tomohiro Tachi},
  TITLE         = {Origamizer: A Practical Algorithm for Folding Any
Polyhedron},
  BOOKTITLE     = {Proceedings of the 33rd International Symposium on
                   Computational Geometry (SoCG 2017)},
  bookurl       = {http://socg2017.smp.uq.edu.au/socg.html},
  ADDRESS       = {Brisbane, Australia},
  MONTH         = {July 4--7},
  YEAR          = 2017,
  PAGES         = {to appear},

  papers        = {Origamizer},
  comments      = {In Japanese: <A
HREF="http://origami.c.u-tokyo.ac.jp/origamizer.html">ä¸€æžšã®ç´™ã‹ã‚‰æŠ˜ã‚‹ã
ã‘ã§ã‚ã‚Šã¨ã‚ã‚‰ã‚†ã‚‹ç«‹ä½“å½¢çŠ¶ã‚’å®Ÿç¾ã™ã‚‹ã‚¢ãƒ«ã‚´ãƒªã‚ºãƒ
</A>},
}

@InProceedings{Lang,
  AUTHOR        = {Robert J. Lang},
  TITLE         = {A computational algorithm for origami design},
  BOOKTITLE     = {Proc. 12th Symp. Computational Geometry},
  ADDRESS       = {Philadelphia, PA},
  MONTH         = {May},
  YEAR          = 1996,
  PAGES         = {98-105},
}

@InCollection{MazeFolding_Origami5,
  AUTHOR        = {Erik D. Demaine and Martin L. Demaine and Jason Ku},
  TITLE         = {Folding Any Orthogonal Maze},
  BOOKTITLE     = {Origami$^5$: Proceedings of the 5th International Conference
on Origami in Science, Mathematics and Education (OSME 2010)},
  bookurl       = {http://www.origami-usa.org/5osme},
  ADDRESS       = {Singapore},
  MONTH         = {July 13--17},
  YEAR          = 2010,
  PAGES         = {449--454},
  PUBLISHER     = {A K Peters},

  webpages      = {fonts/maze},
  replaces      = {MazeFolding_OSME2010},
  papers        = {MazeFolding_OSME2010; MazeAlphabet_G4G9},
  withstudent   = 1,
}


@InCollection{BoxPleating_Origami5,
  AUTHOR        = {Nadia M. Benbernou and Erik D. Demaine and Martin L. Demaine
and Aviv Ovadya},
  TITLE         = {Universal Hinge Patterns to Fold Orthogonal Shapes},
  BOOKTITLE     = {Origami$^5$: Proceedings of the 5th International Conference
on Origami in Science, Mathematics and Education (OSME 2010)},
  bookurl       = {http://www.origami-usa.org/5osme},
  ADDRESS       = {Singapore},
  MONTH         = {July 13--17},
  YEAR          = 2010,
  PAGES         = {405--420},
  PUBLISHER     = {A K Peters},

  withstudent   = 1,
  replaces      = {BoxPleating_OSME2010},
  papers        = {BoxPleating_OSME2010},
  comments      = {This paper is also available as
                   <A HREF="http://arxiv.org/abs/0909.5388">
                   arXiv:0909.5388</A> of the
                   <A HREF="http://arXiv.org/archive/cs/intro.html">
                   Computing Research Repository (CoRR)</A>.}
}
